
    <zs:record>
      <zs:recordSchema/>
      <zs:recordPacking>xml</zs:recordPacking>
      <zs:recordData>
        <record xmlns="http://www.loc.gov/MARC21/slim">
          <leader>00780cam a22002411a 4500</leader>
          <controlfield tag="001">9611769</controlfield>
          <controlfield tag="005">20020314123027.0</controlfield>
          <controlfield tag="008">840611s1896    enk    j      000 1 eng  </controlfield>
          <datafield tag="035" ind1=" " ind2=" ">
            <subfield code="9">(DLC)   06006323</subfield>
          </datafield>
          <datafield tag="906" ind1=" " ind2=" ">
            <subfield code="a">7</subfield>
            <subfield code="b">cbc</subfield>
            <subfield code="c">oclcrpl</subfield>
            <subfield code="d">u</subfield>
            <subfield code="e">ncip</subfield>
            <subfield code="f">19</subfield>
            <subfield code="g">y-gencatlg</subfield>
          </datafield>
          <datafield tag="010" ind1=" " ind2=" ">
            <subfield code="a">   06006323 </subfield>
          </datafield>
          <datafield tag="035" ind1=" " ind2=" ">
            <subfield code="a">(OCoLC)10827745</subfield>
          </datafield>
          <datafield tag="040" ind1=" " ind2=" ">
            <subfield code="a">DLC</subfield>
            <subfield code="c">MnSP</subfield>
            <subfield code="d">MnSP</subfield>
            <subfield code="d">TxU-Hu</subfield>
            <subfield code="d">DLC</subfield>
          </datafield>
          <datafield tag="050" ind1="0" ind2="0">
            <subfield code="a">PZ3.B198</subfield>
            <subfield code="b">M</subfield>
          </datafield>
          <datafield tag="100" ind1="1" ind2=" ">
            <subfield code="a">Balfour, Marie Clothilde.</subfield>
          </datafield>
          <datafield tag="245" ind1="1" ind2="0">
            <subfield code="a">Maris Stella /</subfield>
            <subfield code="c">by Marie Clothilde Balfour.</subfield>
          </datafield>
          <datafield tag="260" ind1=" " ind2=" ">
            <subfield code="a">London :</subfield>
            <subfield code="b">John Lane ;</subfield>
            <subfield code="a">Boston :</subfield>
            <subfield code="b">Roberts Bros.,</subfield>
            <subfield code="c">1896.</subfield>
          </datafield>
          <datafield tag="300" ind1=" " ind2=" ">
            <subfield code="a">202 p. ;</subfield>
            <subfield code="c">18 cm.</subfield>
          </datafield>
          <datafield tag="440" ind1=" " ind2="4">
            <subfield code="a">The keynotes series ;</subfield>
            <subfield code="v">no. 27</subfield>
          </datafield>
          <datafield tag="510" ind1="4" ind2=" ">
            <subfield code="a">Wolff, R.L.  19th cent. fiction,</subfield>
            <subfield code="c">219</subfield>
          </datafield>
          <datafield tag="984" ind1=" " ind2=" ">
            <subfield code="a">gsl</subfield>
          </datafield>
          <datafield tag="985" ind1=" " ind2=" ">
            <subfield code="e">OCLC REPLACEMENT</subfield>
          </datafield>
          <datafield tag="991" ind1=" " ind2=" ">
            <subfield code="b">c-GenColl</subfield>
            <subfield code="h">PZ3.B198</subfield>
            <subfield code="i">M</subfield>
            <subfield code="p">00012737208</subfield>
            <subfield code="t">Copy 1</subfield>
            <subfield code="w">OCLCREP</subfield>
          </datafield>
        </record>
      </zs:recordData>
      <zs:recordPosition>2</zs:recordPosition>
    </zs:record>